@article{example1,
  author = {John Doe},
  title = {An Example Article},
  journal = {Journal of Examples},
  year = {2020},
  volume = {1},
  pages = {1-10}
}
@article{rosenow1983drought,
  author = {Rosenow D.T. and others},
  title = {Drought tolerant sorghum and cotton germplasm},
  journal = {Agricultural Water Management},
  volume = {7},
  number = {1},
  pages = {207--222},
  year = {1983}
}
@book{example2,
  author = {Jane Smith},
  title = {An Example Book},
  publisher = {Example Publisher},
  year = {2019}
}